@misc{gurobi,
  author = {{Gurobi Optimization, LLC}},
  title = {{Gurobi Optimizer Reference Manual}},
  year = 2023,
  url = "https://www.gurobi.com"
}

@book{luenberger1984linear,
  title={Linear and nonlinear programming},
  author={Luenberger, David G and Ye, Yinyu and others},
  volume={2},
  year={1984},
  publisher={Springer}
}

@book{bertsimas1997introduction,
  title={Introduction to linear optimization},
  author={Bertsimas, Dimitris and Tsitsiklis, John N},
  volume={6},
  year={1997},
  publisher={Athena scientific Belmont, MA}
}

@book{chvatal1983linear,
  title={Linear programming},
  author={Chv{\'a}tal, Va{\v{s}}ek},
  year={1983},
  publisher={Macmillan}
}

@book{schrijver1998theory,
  title={Theory of linear and integer programming},
  author={Schrijver, Alexander},
  year={1998},
  publisher={John Wiley \& Sons}
}

@book{karloff2008linear,
  title={Linear programming},
  author={Karloff, Howard},
  year={2008},
  publisher={Springer Science \& Business Media}
}
